@misc{labbook,
  title = {{Analogue Computer} },
  howpublished = {\url{https://learn.uwaterloo.ca/d2l/le/content/345844/viewContent/1940294/View}},
  note = {Accessed: 2017-10-23},
  author={Scholz, Guenter},
}